@article{chodorow2019geographic,
    title={Geographic Cross-Sectional Fiscal Spending Multipliers: What Have We Learned?},
    author={Chodorow-Reich, Gabriel},
    journal={American Economic Journal: Economic Policy},
    volume={11},
    number={2},
    pages={1--34},
    year={2019},
    publisher={American Economic Association},
    doi={10.1257/pol.20160465}
}

@article{pinardon2023crowding,
    title={The Crowding Out Effect of Local Government Debt: Micro- and Macro-Estimates},
    author={Pinardon-Touati, Noémie},
    journal={Job Market Paper},
    year={2023},
    note={Columbia University}
}

@article{nakamura2011fiscal,
    title={Fiscal Stimulus in a Monetary Union: Evidence from U.S. Regions},
    author={Nakamura, Emi and Steinsson, Jón},
    journal={NBER Working Paper Series},
    number={17391},
    year={2011},
    institution={National Bureau of Economic Research},
    doi={10.3386/w17391}
}

@article{nakamura2018identification,
    title={Identification in Macroeconomics},
    author={Nakamura, Emi and Steinsson, Jón},
    journal={Journal of Economic Perspectives},
    volume={32},
    number={3},
    pages={59--86},
    year={2018},
    publisher={American Economic Association},
    doi={10.1257/jep.32.3.59}
}

@article{woodford2011simple,
    title={Simple Analytics of the Government Expenditure Multiplier},
    author={Woodford, Michael},
    journal={American Economic Journal: Macroeconomics},
    volume={3},
    number={1},
    pages={1--35},
    year={2011},
    publisher={American Economic Association},
    doi={10.1257/mac.3.1.1}
}

@article{Coinbon,
 title = "How Did U.S. Consumers Use Their Stimulus Payments?",
 author = "Coibion, Olivier and Gorodnichenko, Yuriy and Weber, Michael",
 institution = "National Bureau of Economic Research",
 type = "Working Paper",
 series = "Working Paper Series",
 number = "27693",
 year = "2020",
 month = "August",
 URL = "http://www.nber.org/papers/w27693"
}

@techreport{bakeretall,
 title = "Income, Liquidity, and the Consumption Response to the 2020 Economic Stimulus Payments",
 author = "Baker, Scott R and Farrokhnia, R. A and Meyer, Steffen and Pagel, Michaela and Yannelis, Constantine",
 institution = "National Bureau of Economic Research",
 type = "Working Paper",
 series = "Working Paper Series",
 number = "27097",
 year = "2020",
 month = "May",
 URL = "http://www.nber.org/papers/w27097",
}